@article{Liu24,
  title={When Software Security Meets Large Language Models: A Survey},
  author={Liu, et al.},
  journal={IEEE/CAA Journal of Automatica Sinica},
  year={2024},
  publisher={IEEE},
  doi={10.1109/JAS.2024.124971}
}

@article{Berman19,
  title={A Survey of Deep Learning Methods for Cyber Security},
  author={Berman, Daniel S. and Buczak, Anna L. and Chavis, Jeffrey S. and Corbett, Cherita L.},
  journal={Information},
  volume={10},
  number={4},
  pages={122},
  year={2019},
  publisher={MDPI},
  doi={10.3390/info10040122}
}

@article{Zhang20,
  title={A survey on deep learning for cybersecurity: Progress, challenges, and opportunities},
  author={Zhang, Jun and Li, Xinyu and others},
  journal={Computers \& Security},
  volume={92},
  pages={101740},
  year={2020},
  publisher={Elsevier},
  doi={10.1016/j.cose.2020.101740}
}

@inproceedings{Morais25,
  title={An{\'a}lise Explorat{\'o}ria de Cria{\c{c}}{\~a}o de Regras do WAF ModSecurity Utilizando Cinco LLMs Distintos},
  author={Morais, Tiago W. and Quincozes, Silvio E. and Kreutz, Diego and Kazienko, Juliano F. and Quincozes, Vagner E.},
  booktitle={Anais do Simp{\'o}sio Brasileiro em Seguran{\c{c}}a da Informa{\c{c}}{\~a}o e de Sistemas Computacionais (SBSeg)},
  year={2025}
}

@inproceedings{Barros25,
  title={Simplifica{\c{c}}{\~a}o da an{\'a}lise forense de logs utilizando Grandes Modelos de Linguagem com a t{\'e}cnica RAG},
  author={Barros, Carlos G. L. and Lima, Jo{\~a}o P. A. and Arruda, Alexandre and Sousa, Rubens A. S. and Bandeira, Alan P.},
  booktitle={Anais do Simp{\'o}sio Brasileiro em Seguran{\c{c}}a da Informa{\c{c}}{\~a}o e de Sistemas Computacionais (SBSeg)},
  year={2025}
}

@inproceedings{Lorusso25,
  title={GOLLUM: Guiding configuration of firewaLL Through aUgmented Large Language Models},
  author={Author(s)},
  booktitle={Proceedings of the International Conference on Agents and Artificial Intelligence (ICAART)},
  year={2025},
  publisher={SCITEPRESS},
  doi={10.5220/0013221900003479}
}

@article{Louro25,
  title={Analysis of the Capability and Training of Chat Bots in the Generation of Rules for Firewall or Intrusion Detection Systems},
  author={Louro, Bernardo and Abreu, Raquel and Costa, Joana C. and Sequeiros, João B. F. and Inácio, Pedro R. M.},
  journal={ARES '24: Proceedings of the 19th International Conference on Availability, Reliability and Security},
  year={2025},
  url={https://www.researchgate.net/publication/382680787_Analysis_of_the_Capability_and_Training_of_Chat_Bots_in_the_Generation_of_Rules_for_Firewall_or_Intrusion_Detection_Systems}
}
