@misc{Anand23,
  author = {Anand, Yuvanesh and Nussbaum, Zach and Duderstadt, Brandon and Schmidt, Benjamin and Mulyar, Andriy},
  title = {{GPT4All: Training an Assistant-style Chatbot with Large Scale Data Distillation from GPT-3.5-Turbo}},
  year = {2023},
  howpublished = {\url{https://github.com/nomic-ai/gpt4all}},
}

@misc{Bill23,
  author = {Bill, Desirée and Eriksson, Theodor},
  title = {{Fine-tuning a LLM using Reinforcement Learning from Human Feedback for a Therapy Chatbot Application}},
  year = {2023},
}

@inproceedings{Bozic18,
  author = {Bozic, Josip and Wotawa, Franz},
  title = {{Security testing for chatbots}},
  booktitle = {IFIP International Conference on Testing Software and Systems},
  year = {2018},
  publisher = {Springer},
  pages = {33--38},
}

@misc{Chen23,
  author = {Chen, Lingjiao and Zaharia, Matei and Zou, James},
  title = {{How is ChatGPT's behavior changing over time?}},
  year = {2023},
  eprint = {2307.09009},
  archivePrefix = {arXiv},
}

@inproceedings{Franco20,
  author = {Franco, Muriel Figueredo and Rodrigues, Bruno and Scheid, Eder John and Jacobs, Arthur and Killer, Christian and Granville, Lisandro Zambenedetti and Stiller, Burkhard},
  title = {{SecBot: A business-driven conversational agent for cybersecurity planning and management}},
  booktitle = {2020 16th international conference on network and service management (CNSM)},
  year = {2020},
  organization = {IEEE},
  pages = {1--7},
}

@misc{Han23,
  author = {Han, Daniel and Han, Michael},
  title = {{Unsloth AI: Finetune AI and LLMs faster}},
  year = {2023},
  howpublished = {\url{https://github.com/unslothai/unsloth}},
}

@article{Hasal21,
  author = {Hasal, Martin and Nowaková, Jana and Saghair, Khalifa Ahmed and Abdulla, Hussam and Snášel, Václav and Ogiela, Lidia},
  title = {{Chatbots: Security, privacy, data protection, and social aspects}},
  journal = {Concurrency and Computation: Practice and Experience},
  volume = {33},
  number = {19},
  pages = {e6426},
  year = {2021},
}

@article{Hilario24,
    author = {Hilario, Eric and Azam, Sami and Sundaram, Jawahar and Mohammed, Khwaja Imran and Shanmugam, Bharanidharan},
    title = {{Generative AI for pentesting: the good, the bad, the ugly}},
    journal = {International Journal of Information Security},
    year = {2024},
    pages = {1--23},
}

@misc{Hu21,
    author = {Hu, Edward J. and Shen, Yelong and Wallis, Phillip and Allen-Zhu, Zeyuan and Li, Yuanzhi and Wang, Shean and Wang, Lu and Chen, Weizhu},
    title = {{LORA: Low-Rank Adaptation of Large Language Models}},
    year = {2021},
    eprint = {2106.09685},
    archivePrefix = {arXiv},
}

@misc{Shani23,
    author = {Shani, Inbal},
    title = {{Survey reveals AI's impact on the developer experience}},
    year = {2023},
    howpublished = {\url{https://github.blog/2023-06-13-survey-reveals-ais-impact-on-the-developer-experience/}},
    note = {Last Access: 10 January 2024},
}

@misc{Jiang23,
    author = {Jiang, Albert Q. and Sablayrolles, Alexandre and Mensch, Arthur and Bamford, Chris and Chaplot, Devendra Singh and de las Casas, Diego and Bressand, Florian and Lengyel, Gianna and Lample, Guillaume and Saulnier, Lucile and others},
    title = {{Mistral 7B}},
    year = {2023},
    eprint = {2310.06825},
    archivePrefix = {arXiv},
}

@misc{Kabir23,
    author = {Kabir, Samia and Udo-Imeh, David N. and Kou, Bonan and Zhang, Tianyi},
    title = {{Who answers it better? an in-depth analysis of chatgpt and stack overflow answers to software engineering questions}},
    year = {2023},
    eprint = {2308.02312},
    archivePrefix = {arXiv},
}

@misc{Kaddour23,
    author = {Kaddour, Jean and Harris, Joshua and Mozes, Maximilian and Bradley, Herbie and Raileanu, Roberta and McHardy, Robert},
    title = {{Challenges and Applications of Large Language Models}},
    year = {2023},
    eprint = {2307.10169},
    archivePrefix = {arXiv},
}

@inproceedings{Lin04,
    author = {Lin, Chin-Yew},
    title = {{Rouge: A package for automatic evaluation of summaries}},
    booktitle = {Text summarization branches out},
    year = {2004},
    pages = {74--81},
}

@misc{Mangrulkar22,
    author = {Mangrulkar, Sourab and Gugger, Sylvain and Debut, Lysandre and Belkada, Younes and Paul, Sayak and Bossan, Benjamin},
    title = {{PEFT: State-of-the-art Parameter-Efficient Fine-Tuning methods}},
    year = {2022},
    howpublished = {\url{https://github.com/huggingface/peft}},
}

@misc{Roesch98,
    author = {Roesch, Martin},
    title = {{Snort}},
    year = {1998},
    howpublished = {\url{https://www.snort.org/}},
    note = {Last Access: 10 January 2024},
}

@misc{Meta23,
    author = {{Meta}},
    title = {{LLAMA}},
    year = {2023},
    howpublished = {\url{https://ai.meta.com/llama/}},
    note = {Last Access: 10 January 2024},
}

@article{Okonkwo21,
    author = {Okonkwo, Chinedu Wilfred and Ade-Ibijola, Abejide},
    title = {{Chatbots applications in education: A systematic review}},
    journal = {Computers and Education: Artificial Intelligence},
    volume = {2},
    pages = {100033},
    year = {2021},
}

@misc{OpenAI22,
    author = {{OpenAI}},
    title = {{ChatGPT}},
    year = {2022},
    howpublished = {\url{https://chat.openai.com/}},
    note = {Last Access: 10 January 2024},
}

@misc{Peng23,
    author = {Peng, Baolin and Li, Chunyuan and He, Pengcheng and Galley, Michel and Gao, Jianfeng},
    title = {{Instruction tuning with gpt-4}},
    year = {2023},
    eprint = {2304.03277},
    archivePrefix = {arXiv},
}

@misc{Qammar23,
    author = {Qammar, Attia and Wang, Hongmei and Ding, Jianguo and Naouri, Abdenacer and Daneshmand, Mahmoud and Ning, Huansheng},
    title = {{Chatbots to chatgpt in a cybersecurity space: Evolution, vulnerabilities, attacks, challenges, and future recommendations}},
    year = {2023},
    eprint = {2306.09255},
    archivePrefix = {arXiv},
}

@inproceedings{Reis20,
    author = {Reis, Lea and Maier, Christian and Mattke, Jens and Weitzel, Tim},
    title = {{Chatbots in healthcare: Status quo, application scenarios for physicians and patients and future directions}},
    year = {2020},
}

@misc{Russell98,
    author = {Russell, Rusty},
    title = {{Iptables}},
    year = {1998},
    howpublished = {\url{https://git.netfilter.org/iptables/}},
    note = {Last Access: 10 January 2024},
}

@misc{Sebastian23,
    author = {Sebastian, Glorin},
    title = {{Privacy and Data Protection in ChatGPT and Other AI Chatbots: Strategies for Securing User Information}},
    year = {2023},
    eprint = {4454761},
    archivePrefix = {SSRN},
}

@bachelorthesis{Shaqiri21,
    author = {Shaqiri, Bulin},
    title = {{Development and Refinement of a chatbot for Cybersecurity Support}},
    school = {Department of Informatics, Universität Zürich UZH},
    year = {2021},
    address = {Zürich, Switzerland},
}

@misc{Temara23,
    author = {Temara, Sheetal},
    title = {{Maximizing penetration testing success with effective reconnaissance techniques using chatgpt}},
    year = {2023},
    eprint = {2307.06391},
    archivePrefix = {arXiv},
}

@misc{Touvron23,
    author = {Touvron, Hugo and Martin, Louis and et al.},
    title = {{Llama 2: Open Foundation and Fine-Tuned Chat Models}},
    year = {2023},
    eprint = {2307.09288},
    archivePrefix = {arXiv},
}

@misc{Tardy21,
    author = {Tardy, Paul},
    title = {{Rouge}},
    year = {2021},
    howpublished = {\url{https://pypi.org/project/rouge/}},
    note = {Last Access: 10 January 2024},
}